@article{TPAdebate,
author = {Milan, S. E. and Hubert, B. and Grocott, A.},
title = {Formation and motion of a transpolar arc in response to dayside and nightside reconnection},
journal = {Journal of Geophysical Research: Space Physics},
volume = {110},
number = {A1},
pages = {},
keywords = {reconnection, transpolar arc},
doi = {10.1029/2004JA010835},
year = {2005}
}